<?xml version="1.0" encoding="UTF-8"?><collection xmlns="http://www.loc.gov/MARC21/slim"><record><leader>00383nam--2200121-i-4500</leader><controlfield tag="001">000018257</controlfield><controlfield tag="002">20161230</controlfield><controlfield tag="005">20161230201032</controlfield><controlfield tag="008">060222s1000------------r-----000-0-eng-d</controlfield><datafield ind1=" " ind2=" " tag="245"><subfield code="a">Einfuhrung in die kristallographie.dritte verbesserte auflage von w.kleber</subfield></datafield><datafield ind1=" " ind2=" " tag="260"><subfield code="a">Berlin, Ver Verlag Technik, 1959.332 P., 316 Fig</subfield></datafield><datafield ind1=" " ind2=" " tag="490"><subfield code="a">Lehrbuch Nach Den Hochschulstudienplanen</subfield></datafield><datafield ind1=" " ind2=" " tag="852"><subfield code="a">6340</subfield></datafield></record></collection>